<?xml version="1.0" encoding="UTF-8" ?>
<collection xmlns:xsi="http://www.w3.org/2001/XMLSchema-instance"
    xsi:schemaLocation="http://www.loc.gov/MARC21/slim
        http://www.loc.gov/standards/marcxml/schema/MARC21slim.xsd"
    xmlns="http://www.loc.gov/MARC21/slim">
<record>
  <leader>00267cam a2200517 ia4500</leader>
  <controlfield tag="001">b17588716</controlfield>
  <controlfield tag="003">LeBAU</controlfield>
  <controlfield tag="005">20180814</controlfield>
  <controlfield tag="008">121029s1954    iq            ||0 0 ara d</controlfield>
  <datafield tag="040" ind1=" " ind2=" ">
    <subfield code="a">LEAUB</subfield>
    <subfield code="b">ara</subfield>
    <subfield code="e">rda</subfield>
    <subfield code="c">LEAUB</subfield>
  </datafield>
  <datafield tag="082" ind1="0" ind2="4">
    <subfield code="a">297.12481</subfield>
    <subfield code="2">20</subfield>
  </datafield>
  <datafield tag="100" ind1="1" ind2=" ">
    <subfield code="6">880-01</subfield>
    <subfield code="a">Mallāḥ, Maḥmūd,</subfield>
    <subfield code="e">author.</subfield>
  </datafield>
  <datafield tag="245" ind1="1" ind2="0">
    <subfield code="6">880-02</subfield>
    <subfield code="a">Tashrīh sharḥ Nahj al-balāghah li-Ibn Abī al-Ḥadīd :</subfield>
    <subfield code="b">thawrah fikrīyah tārīkhīyah qawmīyah /</subfield>
    <subfield code="c">Maḥmūd al-Mallāḥ.</subfield>
  </datafield>
  <datafield tag="264" ind1=" " ind2="1">
    <subfield code="6">880-03</subfield>
    <subfield code="a">Baghdād :</subfield>
    <subfield code="b">Maṭbaʻat Asʻad,</subfield>
    <subfield code="c">1374 H. = 1954 M.</subfield>
  </datafield>
  <datafield tag="300" ind1=" " ind2=" ">
    <subfield code="6">880-04</subfield>
    <subfield code="a">1 volume (98 pages) ;</subfield>
    <subfield code="c">23 cm</subfield>
  </datafield>
  <datafield tag="336" ind1=" " ind2=" ">
    <subfield code="a">text</subfield>
    <subfield code="b">txt</subfield>
    <subfield code="2">rdacontent</subfield>
  </datafield>
  <datafield tag="337" ind1=" " ind2=" ">
    <subfield code="a">unmediated</subfield>
    <subfield code="b">n</subfield>
    <subfield code="2">rdamedia</subfield>
  </datafield>
  <datafield tag="338" ind1=" " ind2=" ">
    <subfield code="a">volume</subfield>
    <subfield code="b">nc</subfield>
    <subfield code="2">rdacarrier</subfield>
  </datafield>
  <datafield tag="500" ind1=" " ind2=" ">
    <subfield code="a">من المرجح أنه لم يتم إصدار أي جزء آخر من الكتاب.</subfield>
  </datafield>
  <datafield tag="541" ind1=" " ind2=" ">
    <subfield code="c">هبة؛</subfield>
    <subfield code="a">مكتبة امين المميز؛</subfield>
    <subfield code="d">2012.</subfield>
  </datafield>
  <datafield tag="590" ind1=" " ind2=" ">
    <subfield code="a">في المكتبة: الجزء 1.</subfield>
  </datafield>
  <datafield tag="600" ind1="0" ind2="4">
    <subfield code="a">علي بن أبي طالب،</subfield>
    <subfield code="c">الخليفة،</subfield>
    <subfield code="d">حوالي 600-661.</subfield>
    <subfield code="x">الخطب.</subfield>
  </datafield>
  <datafield tag="600" ind1="0" ind2="4">
    <subfield code="a">علي بن أبي طالب،</subfield>
    <subfield code="c">الخليفة،</subfield>
    <subfield code="d">حوالي 600-661.</subfield>
    <subfield code="t">نهج البلاغة.</subfield>
  </datafield>
  <datafield tag="600" ind1="0" ind2="4">
    <subfield code="a">علي بن أبي طالب،</subfield>
    <subfield code="c">الخليفة،</subfield>
    <subfield code="d">حوالي 600-661</subfield>
    <subfield code="x">آراء سياسية وإجتماعية.</subfield>
  </datafield>
  <datafield tag="600" ind1="0" ind2="4">
    <subfield code="a">علي بن أبي طالب،</subfield>
    <subfield code="c">الخليفة،</subfield>
    <subfield code="d">حوالي 600-661</subfield>
    <subfield code="x">آراء في الإسلام والدولة.</subfield>
  </datafield>
  <datafield tag="600" ind1="1" ind2="4">
    <subfield code="a">إبن أبي الحديد، عبد الحميد بن هبة الله،</subfield>
    <subfield code="d">1191-1257 او 1258.</subfield>
    <subfield code="t">شرح نهج البلاغة.</subfield>
  </datafield>
  <datafield tag="600" ind1="0" ind2="0">
    <subfield code="a">ʻAlī ibn Abī Ṭālib,</subfield>
    <subfield code="c">Caliph,</subfield>
    <subfield code="d">approximately 600-661</subfield>
    <subfield code="x">Oratory.</subfield>
  </datafield>
  <datafield tag="600" ind1="0" ind2="0">
    <subfield code="a">ʻAlī ibn Abī Ṭālib,</subfield>
    <subfield code="c">Caliph,</subfield>
    <subfield code="d">approximately 600-661.</subfield>
    <subfield code="t">Nahj al-Balāghah.</subfield>
  </datafield>
  <datafield tag="600" ind1="0" ind2="0">
    <subfield code="a">ʻAlī ibn Abī Ṭālib,</subfield>
    <subfield code="c">Caliph,</subfield>
    <subfield code="d">approximately 600-661</subfield>
    <subfield code="x">Political and social views.</subfield>
  </datafield>
  <datafield tag="600" ind1="0" ind2="0">
    <subfield code="a">ʻAlī ibn Abī Ṭālib,</subfield>
    <subfield code="c">Caliph,</subfield>
    <subfield code="d">approximately 600-661</subfield>
    <subfield code="x">Views on Islam and state.</subfield>
  </datafield>
  <datafield tag="600" ind1="1" ind2="0">
    <subfield code="a">Ibn Abī al-Ḥadīd, ʻAbd al-Ḥamīd ibn Hibat Allāh,</subfield>
    <subfield code="d">1191-1257 or 1258.</subfield>
    <subfield code="t">Sharḥ Nahj al-balagha.</subfield>
  </datafield>
  <datafield tag="650" ind1=" " ind2="4">
    <subfield code="a">الأخلاق الإسلامية</subfield>
    <subfield code="v">أعمال قديمة حتى 1800.</subfield>
  </datafield>
  <datafield tag="650" ind1=" " ind2="4">
    <subfield code="a">الاسلام</subfield>
    <subfield code="x">العادات والممارسات</subfield>
    <subfield code="v">أعمال قديمة حتى 1800.</subfield>
  </datafield>
  <datafield tag="650" ind1=" " ind2="4">
    <subfield code="a">المواعظ الإسلامية العربية</subfield>
    <subfield code="v">أعمال قديمة حتى 1800.</subfield>
  </datafield>
  <datafield tag="650" ind1=" " ind2="0">
    <subfield code="a">Islamic ethics</subfield>
    <subfield code="v">Early works to 1800.</subfield>
  </datafield>
  <datafield tag="650" ind1=" " ind2="0">
    <subfield code="a">Islam</subfield>
    <subfield code="x">Customs and practices</subfield>
    <subfield code="v">Early works to 1800.</subfield>
  </datafield>
  <datafield tag="650" ind1=" " ind2="0">
    <subfield code="a">Islamic sermons, Arabic</subfield>
    <subfield code="v">Early works to 1800.</subfield>
  </datafield>
  <datafield tag="852" ind1=" " ind2=" ">
    <subfield code="a">Jafet Library</subfield>
    <subfield code="e">American University of Beirut, Bliss Street, Beirut, Lebanon.</subfield>
  </datafield>
  <datafield tag="880" ind1="1" ind2=" ">
    <subfield code="6">100-01/(3/r</subfield>
    <subfield code="a">الملاح، محمود،</subfield>
    <subfield code="e">مؤلف. </subfield>
    <subfield code="4">aut.</subfield>
  </datafield>
  <datafield tag="880" ind1="1" ind2="0">
    <subfield code="6">245-02/(3/r</subfield>
    <subfield code="a">تشريح شرح نهج البلاغة لابن ابي الحديد :</subfield>
    <subfield code="b">ثورة فكرية تاريخية قومية /</subfield>
    <subfield code="c">محمود الملاح.</subfield>
  </datafield>
  <datafield tag="880" ind1=" " ind2="1">
    <subfield code="6">264-03/(3/r</subfield>
    <subfield code="a">بغداد :</subfield>
    <subfield code="b">مطبعة أسعد،</subfield>
    <subfield code="c">1374 هـ. = 1954 م.</subfield>
  </datafield>
  <datafield tag="880" ind1=" " ind2=" ">
    <subfield code="6">300-04/(3/r</subfield>
    <subfield code="a">1 جزء (98 صفحة) ؛</subfield>
    <subfield code="c">23 سم</subfield>
  </datafield>
  <datafield tag="907" ind1=" " ind2=" ">
    <subfield code="a">.b17588716</subfield>
    <subfield code="b">18-09-14</subfield>
    <subfield code="c">12-10-29</subfield>
  </datafield>
  <datafield tag="907" ind1=" " ind2=" ">
    <subfield code="a">.b17588716</subfield>
    <subfield code="b">15-10-30</subfield>
    <subfield code="c">12-10-29</subfield>
  </datafield>
  <datafield tag="945" ind1=" " ind2=" ">
    <subfield code="f">J</subfield>
    <subfield code="a">297.12481:A398nYihmA:v.1</subfield>
    <subfield code="i">00489987</subfield>
    <subfield code="j">.i19507112</subfield>
    <subfield code="l">u0503</subfield>
  </datafield>
  <datafield tag="998" ind1=" " ind2=" ">
    <subfield code="a">u05</subfield>
    <subfield code="b">12-11-27</subfield>
    <subfield code="c">m</subfield>
    <subfield code="d">a  </subfield>
    <subfield code="e">-</subfield>
    <subfield code="f">ara</subfield>
    <subfield code="g">iq </subfield>
    <subfield code="h">0</subfield>
    <subfield code="i">0</subfield>
  </datafield>
</record>
</collection>
